
@book{TrefethenBau_97,
  title = {Numerical {{Linear Algebra}}},
  author = {Trefethen, Lloyd N. and Bau, David III},
  year = {1997},
  month = jun,
  publisher = {{SIAM}},
  googlebooks = {4Mou5YpRD\_kC},
  isbn = {978-0-89871-361-9},
  langid = {english}
}


